% ===========================
% Base: obras gerais & m√©todos
% ===========================

@article{DeDeyne2019,
  author  = {De Deyne, Simon and Navarro, Danielle J. and Perfors, Amy and Brysbaert, Marc and Storms, Gert},
  title   = {The {Small World of Words} project: {English} word association norms for over 12,000 cue words},
  journal = {Behavior Research Methods},
  year    = {2019},
  volume  = {51},
  number  = {3},
  pages   = {987--1006},
  doi     = {10.3758/s13428-018-1115-7}
}

@book{Newman2010Networks,
  author    = {Newman, M. E. J.},
  title     = {Networks: An Introduction},
  publisher = {Oxford University Press},
  address   = {Oxford},
  year      = {2010},
  isbn      = {978-0199206650}
}

@article{Watts1998Nature,
  author  = {Watts, Duncan J. and Strogatz, Steven H.},
  title   = {Collective dynamics of `small-world' networks},
  journal = {Nature},
  year    = {1998},
  volume  = {393},
  pages   = {440--442},
  doi     = {10.1038/30918}
}

@article{Latora2001PRL,
  author  = {Latora, Vito and Marchiori, Massimo},
  title   = {Efficient Behavior of Small-World Networks},
  journal = {Physical Review Letters},
  year    = {2001},
  volume  = {87},
  number  = {19},
  pages   = {198701},
  doi     = {10.1103/PhysRevLett.87.198701}
}

@article{Shannon1948,
  author  = {Shannon, Claude E.},
  title   = {A Mathematical Theory of Communication},
  journal = {Bell System Technical Journal},
  year    = {1948},
  volume  = {27},
  pages   = {379--423, 623--656},
  doi     = {10.1002/j.1538-7305.1948.tb01338.x}
}

@article{Burda2009PNAS,
  author  = {Burda, Zdzis{\l}aw and Jurkiewicz, Jerzy and Wac{\l}aw, Bart{\l}omiej},
  title   = {Localization of the principal eigenvector of random networks},
  journal = {Proceedings of the National Academy of Sciences},
  year    = {2009},
  volume  = {106},
  number  = {8},
  pages   = {2008--2013},
  doi     = {10.1073/pnas.0811169106}
}

@article{Ollivier2009,
  author  = {Ollivier, Yann},
  title   = {Ricci curvature of {Markov} chains on metric spaces},
  journal = {Journal of Functional Analysis},
  year    = {2009},
  volume  = {256},
  number  = {3},
  pages   = {810--864},
  doi     = {10.1016/j.jfa.2008.11.001}
}

@article{Forman2003,
  author  = {Forman, Robin},
  title   = {Bochner's Method for Cell Complexes and Combinatorial {Ricci} Curvature},
  journal = {Discrete and Computational Geometry},
  year    = {2003},
  volume  = {29},
  number  = {3},
  pages   = {323--374},
  doi     = {10.1007/s00454-002-0743-x}
}

@inproceedings{Grover2016node2vec,
  author    = {Grover, Aditya and Leskovec, Jure},
  title     = {node2vec: Scalable Feature Learning for Networks},
  booktitle = {Proceedings of the 22nd ACM SIGKDD International Conference on Knowledge Discovery and Data Mining (KDD)},
  year      = {2016},
  pages     = {855--864},
  doi       = {10.1145/2939672.2939754}
}

@article{McInnes2018UMAP,
  author  = {McInnes, Leland and Healy, John and Melville, James},
  title   = {{UMAP}: Uniform Manifold Approximation and Projection for Dimension Reduction},
  journal = {arXiv preprint arXiv:1802.03426},
  year    = {2018}
}

@article{Campello2015,
  author  = {Campello, Ricardo J. G. B. and Moulavi, Davoud and Sander, J{\"o}rg},
  title   = {{HDBSCAN}: Hierarchical Density Based Clustering},
  journal = {ACM Transactions on Knowledge Discovery from Data},
  year    = {2015},
  volume  = {10},
  number  = {1},
  pages   = {5:1--5:49},
  doi     = {10.1145/2733381}
}

@inproceedings{NetworkX,
  author    = {Hagberg, Aric A. and Schult, Daniel A. and Swart, Pieter J.},
  title     = {Exploring Network Structure, Dynamics, and Function using {NetworkX}},
  booktitle = {Proceedings of the 7th Python in Science Conference (SciPy 2008)},
  year      = {2008},
  pages     = {11--15}
}

% ===========================
% Curvatura, c{\'e}rebro e aplica{\c{c}}{\~o}es
% ===========================

@article{Sia2019SciRep,
  author  = {Sia, Jiun Lee and Jonckheere, Edmond A. and Bogdan, Paul},
  title   = {Ollivier--{Ricci} Curvature-Based Method to Community Detection in Complex Networks},
  journal = {Scientific Reports},
  year    = {2019},
  volume  = {9},
  pages   = {9800},
  doi     = {10.1038/s41598-019-46115-x}
}

@article{Allard2020PLOSCB,
  author  = {Allard, Antoine and Serrano, M.{\'A}. and Garc{\'{\i}}a-P{\'e}rez, G. and Bogu{\~n}{\'a}, Mari{\'a}n},
  title   = {The geometric structure of the brain connectome},
  journal = {PLOS Computational Biology},
  year    = {2020},
  volume  = {16},
  number  = {11},
  pages   = {e1008020},
  doi     = {10.1371/journal.pcbi.1008020}
}

@article{Farooq2019NatComm,
  author  = {Farooq, Hafiz and Chen, Yongjun and Georgiou, Tryphon T. and Tannenbaum, Allen and Lenglet, Christophe},
  title   = {Network curvature as a hallmark of brain structural connectivity},
  journal = {Nature Communications},
  year    = {2019},
  volume  = {10},
  pages   = {4937},
  doi     = {10.1038/s41467-019-12915-x}
}

@article{Elumalai2022SciRep,
  author  = {Elumalai, Priya and Hegde, Sheela and Sinha, Prahlad},
  title   = {Alterations in brain network curvature in autism spectrum disorder},
  journal = {Scientific Reports},
  year    = {2022},
  volume  = {12},
  pages   = {5041},
  doi     = {10.1038/s41598-022-09041-3}
}

@article{Simhal2020SciRep,
  author  = {Simhal, Ananth and Papadopoulos, Lia and Zalesky, Andrew and Bassett, Danielle S. and Satterthwaite, Theodore D. and others},
  title   = {Curvature changes in structural brain networks in {Alzheimer}'s disease},
  journal = {Scientific Reports},
  year    = {2020},
  volume  = {10},
  pages   = {20876},
  doi     = {10.1038/s41598-020-77870-6}
}

@article{Bullmore2009NatRevNeuro,
  author  = {Bullmore, Edward and Sporns, Olaf},
  title   = {Complex brain networks: graph theoretical analysis of structural and functional systems},
  journal = {Nature Reviews Neuroscience},
  year    = {2009},
  volume  = {10},
  pages   = {186--198},
  doi     = {10.1038/nrn2575}
}

@article{Sandhu2016SciRep,
  author  = {Sandhu, Romeil and Georgiou, Tryphon and Reznik, Ed and Zhu, Li and Kolesov, Ivan and Senbabaoglu, Yasin and Tannenbaum, Allen},
  title   = {Graph curvature for differentiating cancer networks},
  journal = {Scientific Reports},
  year    = {2016},
  volume  = {6},
  pages   = {29814},
  doi     = {10.1038/srep29814}
}

% ===========================
% Comunidades / modularidade
% ===========================

@article{Leiden2019,
  author  = {Traag, Vincent A. and Waltman, Ludo and van Eck, Nees Jan},
  title   = {From {Louvain} to {Leiden}: guaranteeing well-connected communities},
  journal = {Scientific Reports},
  year    = {2019},
  volume  = {9},
  number  = {1},
  pages   = {5233},
  doi     = {10.1038/s41598-019-41695-z}
}

@article{Louvain2008,
  author  = {Blondel, Vincent D. and Guillaume, Jean-Loup and Lambiotte, Renaud and Lefebvre, Etienne},
  title   = {Fast unfolding of communities in large networks},
  journal = {Journal of Statistical Mechanics: Theory and Experiment},
  year    = {2008},
  number  = {10},
  pages   = {P10008},
  doi     = {10.1088/1742-5468/2008/10/P10008}
}

% ===========================
% Software / libs espec{\'\i}ficas
% ===========================

@article{McInnes2017HDBSCAN,
  author  = {McInnes, Leland and Healy, John and Astels, Steve},
  title   = {hdbscan: Hierarchical density based clustering in {Python}},
  journal = {Journal of Open Source Software},
  year    = {2017},
  volume  = {2},
  number  = {11},
  pages   = {205},
  doi     = {10.21105/joss.00205}
}

@article{POT,
  author  = {Flamary, R{\'e}mi and Courty, Nicolas and Gramfort, Alexandre and Alaya, Mokhtar and Boisbunon, Aur{\'e}lie and others},
  title   = {{POT}: {Python Optimal Transport}},
  journal = {Journal of Machine Learning Research},
  year    = {2021},
  volume  = {22},
  number  = {78},
  pages   = {1--8}
}

@misc{GraphRicciCurvature,
  author = {Ni, Chongyang and Lin, Yu and Gao, Jie and Gu, Xianfeng David},
  title  = {{GraphRicciCurvature}: {Ollivier} and {Forman} {Ricci} curvature for networks},
  year   = {2019},
  note   = {Python package (version used in this work).}
}

% ===========================
% Outras chaves chamadas no Methods
% ===========================

@misc{NetworkX_2_8_8,
  author = {NetworkX Developers},
  title  = {{NetworkX} 2.8.8},
  year   = {2022},
  note   = {Python library; version specified in the pipeline.}
}