@article{bassett2017network,
  title = {Network Neuroscience},
  author = {Bassett, D. S. and Sporns, O.},
  year = {2017},
  journal = {Nature Neuroscience},
  volume = {20},
  pages = {353--364},
  doi = {10.1038/nn.4502}
}

@article{Borsboom2017,
  title = {A Network Theory of Mental Disorders},
  author = {Borsboom, D.},
  year = {2017},
  journal = {World psychiatry : official journal of the World Psychiatric Association (WPA)},
  volume = {16},
  number = {1},
  pages = {5--13},
  doi = {10.1002/wps.20375},
  file = {/Users/demetriosagourakis/Zotero/storage/VY97K24N/Borsboom - 2017 - A network theory of mental disorders.pdf}
}

@article{Carhart-Harris2014,
  title = {The Entropic Brain: A Theory of Conscious States Informed by Neuroimaging Research with Psychedelic Drugs},
  author = {{Carhart-Harris}, Robin L. and Friston, Karl J.},
  year = {2014},
  journal = {Frontiers in Human Neuroscience},
  volume = {8},
  pages = {20},
  doi = {10.3389/fnhum.2014.00020},
  file = {/Users/demetriosagourakis/Zotero/storage/6NXNB56Y/Carhart-Harris and Friston - 2014 - The entropic brain a theory of conscious states informed by neuroimaging research with psychedelic.pdf}
}

@article{CarhartHarris2019,
  title = {{{REBUS}} and the Anarchic Brain: {{Toward}} a Unified Model of the Brain Action of Psychedelics},
  author = {{Carhart-Harris}, Robin L. and Friston, Karl J.},
  year = {2019},
  journal = {Pharmacological Reviews},
  volume = {71},
  number = {3},
  pages = {316--344},
  doi = {10.1124/pr.118.017160}
}

@article{Duplenne2024,
  title = {Anxiety and Depression in Gifted Individuals: {{A}} Systematic and Meta-Analytic Review},
  author = {Duplenne, L. and Bourdin, B. and Fernandez, D. N. and Blondelle, G. and Aubry, A.},
  year = {2024},
  journal = {Gifted Child Quarterly},
  volume = {68},
  number = {1},
  pages = {65--83},
  doi = {10.1177/00169862231221710}
}

@article{FoleyNicpon2013,
  title = {Twice-Exceptional Learners: {{Who}} Needs to Know What?},
  author = {{Foley-Nicpon}, M. and Assouline, S. G. and Colangelo, N.},
  year = {2013},
  journal = {Gifted Child Quarterly},
  volume = {57},
  number = {3},
  pages = {169--180},
  doi = {10.1177/0016986213490021}
}

@article{Frischkorn2022,
  title = {Process-Oriented Intelligence Research: {{A}} Review from the Cognitive Perspective},
  author = {Frischkorn, Gidon T. and Wilhelm, Oliver and Oberauer, Klaus},
  year = {2022},
  journal = {Intelligence},
  volume = {94},
  pages = {101681},
  doi = {10.1016/j.intell.2022.101681}
}

@article{Friston2010,
  title = {The Free-Energy Principle: A Unified Brain Theory?},
  author = {Friston, Karl},
  year = {2010},
  journal = {Nature Reviews Neuroscience},
  volume = {11},
  number = {2},
  pages = {127--138},
  publisher = {Nature Publishing Group},
  doi = {10.1038/nrn2787}
}

@article{Gu2018,
  title = {The Energy Landscape of Neurophysiological Activity Implicit in Brain Network Structure},
  author = {Gu, S. and Cieslak, M. and Baird, B. and Muldoon, S. F. and Grafton, S. T. and Pasqualetti, F. and Bassett, D. S.},
  year = {2018},
  journal = {Scientific Reports},
  volume = {8},
  pages = {2507},
  doi = {10.1038/s41598-018-20727-4}
}

@article{Guo2022,
  title = {Method for Persistent Topological Features Extraction of Schizophrenia Patients' Electroencephalography Signal Based on Persistent Homology},
  author = {Guo, Guangxing and Zhao, Yanli and Liu, Chenxu and Fu, Yongcan and Xi, Xinhua and Jin, Lizhong and Shi, Dongli and Wang, Lin and Duan, Yonghong and Huang, Jie and Tan, Shuping and Yin, Guimei},
  year = {2022},
  journal = {Frontiers in Computational Neuroscience},
  volume = {16},
  pages = {1024205},
  doi = {10.3389/fncom.2022.1024205}
}

@article{Keshmiri2020,
  title = {Entropy and the Brain: {{An}} Overview},
  author = {Keshmiri, Soheil},
  year = {2020},
  journal = {Entropy. An International and Interdisciplinary Journal of Entropy and Information Studies},
  volume = {22},
  number = {9},
  pages = {917},
  doi = {10.3390/e22090917}
}

@article{Langdon2023,
  title = {A Unifying Perspective on Neural Manifolds and Circuits for Cognition},
  author = {Langdon, Christopher and Genkin, Mikhail and Engel, Trevor A.},
  year = {2023},
  journal = {Nature Reviews Neuroscience},
  volume = {24},
  number = {6},
  pages = {363--377},
  doi = {10.1038/s41583-023-00659-7}
}

@article{Lynn2021,
  title = {Broken Detailed Balance and Entropy Production in the Human Brain},
  author = {Lynn, Christopher W. and Cornblath, Eli J. and Papadopoulos, Lia and Bertolero, Maxwell A. and Bassett, Danielle S.},
  year = {2021},
  journal = {Proceedings of the National Academy of Sciences},
  volume = {118},
  number = {47},
  pages = {e2109889118},
  doi = {10.1073/pnas.2109889118}
}

@article{Rouse2023,
  title = {Topological Insights into the Neural Basis of Flexible Behavior},
  author = {Rouse, Tevin C. and Ni, Amy M. and Huang, Chengcheng and Cohen, Marlene R.},
  year = {2023},
  journal = {Proceedings of the National Academy of Sciences},
  volume = {120},
  number = {24},
  pages = {e2219557120},
  doi = {10.1073/pnas.2219557120}
}

@article{Schiepek2017,
  title = {Psychotherapy Is Chaotic---({{Not}} Only) in a Computational World},
  author = {Schiepek, G. K. and Viol, K. and Aichhorn, W. and H{\"u}tt, M.-T. and Sungler, K. and Pincus, D. and Sch{\"o}ller, H. J.},
  year = {2017},
  journal = {Frontiers in Psychology},
  volume = {8},
  pages = {379},
  doi = {10.3389/fpsyg.2017.00379}
}

@article{Shine2019,
  title = {The Low-Dimensional Neural Architecture of Cognitive Complexity Is Related to Activity in Medial Thalamic Nuclei},
  author = {Shine, J. M. and Hearne, L. J. and M{\"u}ller, E. J. and {...}},
  year = {2019},
  journal = {Neuron},
  volume = {104},
  number = {5},
  pages = {849--855.e3},
  doi = {10.1016/j.neuron.2019.09.003}
}

@article{Sizemore2019,
  title = {The Importance of the Whole: {{Topological}} Data Analysis for the Network Neuroscientist},
  author = {Sizemore, Ann E. and {Phillips-Cremins}, Jennifer E. and Ghrist, Robert and Bassett, Danielle S.},
  year = {2019},
  journal = {Network Neuroscience},
  volume = {3},
  number = {3},
  pages = {656--673},
  doi = {10.1162/netn_a_00073}
}

@article{vanDeLeemput2014,
  title = {Critical Slowing down as Early Warning for the Onset and Termination of Depression},
  author = {{van de Leemput}, I. A. and Wichers, M. and Cramer, A. O. and Borsboom, D. and Tuerlinckx, F. and Kuppens, P. and {van Os}, J. and {...}},
  year = {2014},
  journal = {Proceedings of the National Academy of Sciences},
  volume = {111},
  number = {1},
  pages = {87--92},
  doi = {10.1073/pnas.1312114110}
}
